@article{winbugs_school,
    title = {Schools: ranking school examination results using multivariate hierarcical models},
    note = {\url{https://www.mrc-bsu.cam.ac.uk/wp-content/uploads/WinBUGS_Vol2.pdf}},
    pages = {26-28}
}